<record><leader>00000cas a22000007a 4500</leader><controlfield tag="001">20176900</controlfield><controlfield tag="008">890814d19351966nducr ne      0    0eng d</controlfield><datafield ind1=" " ind2=" " tag="010"><subfield code="a">sn 88076483 </subfield></datafield><datafield ind1=" " ind2=" " tag="040"><subfield code="a">NOP</subfield><subfield code="b">eng</subfield><subfield code="c">NOP</subfield><subfield code="d">OCLCQ</subfield></datafield><datafield ind1=" " ind2=" " tag="042"><subfield code="a">msc</subfield></datafield><datafield ind1="0" ind2=" " tag="130"><subfield code="a">Richland County farmer-globe (Wahpeton, N.D. : 1935)</subfield></datafield><datafield ind1="1" ind2="0" tag="245"><subfield code="a">Richland County farmer-globe.</subfield></datafield><datafield ind1=" " ind2=" " tag="260"><subfield code="a">Wahpeton, Richland County, N.D. :</subfield><subfield code="b">E.D. Lum &amp; Sons</subfield></datafield><datafield ind1=" " ind2=" " tag="300"><subfield code="a">38 v. :</subfield><subfield code="b">ill. ;</subfield><subfield code="c">58 cm.</subfield></datafield><datafield ind1=" " ind2=" " tag="310"><subfield code="a">Semiweekly</subfield></datafield><datafield ind1="0" ind2=" " tag="362"><subfield code="a">Vol. 48, no. 26 (Apr. 5, 1935)-v. 86, no. 40 (Apr. 21, 1966).</subfield></datafield><datafield ind1=" " ind2=" " tag="500"><subfield code="a">"Official Newspaper of Richland County and the City of Wahpeton", 1935-1952, 1955-1966.</subfield></datafield><datafield ind1=" " ind2=" " tag="500"><subfield code="a">Special edition, "Victory in Europe", published 1945.</subfield></datafield><datafield ind1=" " ind2=" " tag="500"><subfield code="a">Includes supplement, "Fort Abercrombie 1862", published Sept. 22, 1936.</subfield></datafield><datafield ind1=" " ind2=" " tag="530"><subfield code="a">Available on microfilm from the State Historical Society of North Dakota.</subfield></datafield><datafield ind1=" " ind2=" " tag="752"><subfield code="a">United States</subfield><subfield code="b">North Dakota</subfield><subfield code="c">Richland</subfield><subfield code="d">Wahpeton.</subfield></datafield><datafield ind1="0" ind2="0" tag="780"><subfield code="t">Richland County farmer (Wahpeton, N.D. : 1933)</subfield><subfield code="w">(DLC)sn 88076482</subfield></datafield><datafield ind1="0" ind2="0" tag="785"><subfield code="t">Farmer-globe</subfield><subfield code="w">(DLC)sn 88076484</subfield></datafield></record>